@article{shell2007,
  author = {Yassine Yahyawi},
  title = {Internship Report},
  year = {2024/2025},
  url = {https://yassin-yahyawi.vercel.app/}
}